<record><leader>00000cas a22000007a 4500</leader><controlfield tag="001">11542762</controlfield><controlfield tag="008">850103d18721874cauwr ne      0    0eng d</controlfield><datafield ind1=" " ind2=" " tag="010"><subfield code="a">sn 85025012 </subfield></datafield><datafield ind1=" " ind2=" " tag="040"><subfield code="a">NPX</subfield><subfield code="b">eng</subfield><subfield code="c">NPX</subfield><subfield code="d">CNK</subfield><subfield code="d">OCLCQ</subfield></datafield><datafield ind1=" " ind2=" " tag="042"><subfield code="a">msc</subfield></datafield><datafield ind1="0" ind2=" " tag="130"><subfield code="a">Napa reporter (Napa, Calif. : 1872)</subfield></datafield><datafield ind1="1" ind2="4" tag="245"><subfield code="a">The Napa reporter.</subfield></datafield><datafield ind1=" " ind2=" " tag="260"><subfield code="a">Napa City, Calif. :</subfield><subfield code="b">Menefee &amp; Utting</subfield></datafield><datafield ind1=" " ind2=" " tag="300"><subfield code="a">v.</subfield></datafield><datafield ind1=" " ind2=" " tag="310"><subfield code="a">Weekly</subfield></datafield><datafield ind1="0" ind2=" " tag="362"><subfield code="a">Vol. 17, no. 22 (Nov. 30, 1872)-v. 18, no. 52 (June 27, 1874).</subfield></datafield><datafield ind1=" " ind2="4" tag="651"><subfield code="a">Napa County (Calif.)</subfield><subfield code="v">Newspapers.</subfield></datafield><datafield ind1=" " ind2=" " tag="752"><subfield code="a">United States</subfield><subfield code="b">California</subfield><subfield code="c">Napa</subfield><subfield code="d">Napa.</subfield></datafield><datafield ind1="0" ind2="0" tag="780"><subfield code="t">Napa County reporter (Napa, Calif. : 1857)</subfield><subfield code="w">(DLC)sn 82016424</subfield></datafield><datafield ind1="0" ind2="0" tag="785"><subfield code="t">Napa County reporter (Napa, Calif. : 1874)</subfield><subfield code="w">(DLC)sn 85025011</subfield></datafield><datafield ind1="1" ind2=" " tag="029"><subfield code="a">AU@</subfield><subfield code="b">000020346528</subfield></datafield></record>